[gd_scene load_steps=5 format=2]

[ext_resource path="res://dialog_sequence/DialogManager.gd" type="Script" id=1]
[ext_resource path="res://assets/visual/ballon_dialogue.png" type="Texture" id=2]
[ext_resource path="res://assets/fonts/comic_book/Comic Book.otf" type="DynamicFontData" id=3]

[sub_resource type="DynamicFont" id=1]
font_data = ExtResource( 3 )

[node name="DialogManager" type="Control"]
editor/display_folded = true
margin_left = 31.6456
margin_right = 71.6456
margin_bottom = 40.0
script = ExtResource( 1 )

[node name="Erinacio" type="Control" parent="."]
editor/display_folded = true
margin_right = 40.0
margin_bottom = 40.0

[node name="ballon_dialogue" type="NinePatchRect" parent="Erinacio"]
visible = false
margin_left = 327.0
margin_top = 301.0
margin_right = 616.0
margin_bottom = 488.0
texture = ExtResource( 2 )

[node name="Label" type="Label" parent="Erinacio/ballon_dialogue"]
margin_left = 31.0
margin_top = 28.0
margin_right = 245.0
margin_bottom = 134.0
custom_fonts/font = SubResource( 1 )
custom_colors/font_color = Color( 1, 1, 1, 1 )
align = 1
valign = 1
autowrap = true

[node name="Steve" type="Control" parent="."]
editor/display_folded = true
margin_right = 40.0
margin_bottom = 40.0

[node name="ballon_dialogue" type="NinePatchRect" parent="Steve"]
visible = false
margin_left = 689.735
margin_top = 120.216
margin_right = 978.735
margin_bottom = 307.216
rect_scale = Vector2( -1, 1 )
texture = ExtResource( 2 )

[node name="Label" type="Label" parent="Steve/ballon_dialogue"]
margin_left = 250.274
margin_top = 29.1664
margin_right = 464.274
margin_bottom = 135.166
rect_scale = Vector2( -1, 1 )
custom_fonts/font = SubResource( 1 )
custom_colors/font_color = Color( 1, 1, 1, 1 )
align = 1
valign = 1
autowrap = true

[node name="Yvete" type="Control" parent="."]
editor/display_folded = true
margin_right = 40.0
margin_bottom = 40.0

[node name="ballon_dialogue" type="NinePatchRect" parent="Yvete"]
visible = false
margin_left = 651.716
margin_top = 8.37846
margin_right = 940.716
margin_bottom = 195.378
rect_scale = Vector2( -1, 1 )
texture = ExtResource( 2 )

[node name="Label" type="Label" parent="Yvete/ballon_dialogue"]
margin_left = 250.274
margin_top = 29.1664
margin_right = 464.274
margin_bottom = 135.166
rect_scale = Vector2( -1, 1 )
custom_fonts/font = SubResource( 1 )
custom_colors/font_color = Color( 1, 1, 1, 1 )
align = 1
valign = 1
autowrap = true

[node name="Rosa" type="Control" parent="."]
editor/display_folded = true
margin_right = 40.0
margin_bottom = 40.0

[node name="ballon_dialogue" type="NinePatchRect" parent="Rosa"]
visible = false
margin_left = 165.115
margin_top = 125.512
margin_right = 454.115
margin_bottom = 312.512
texture = ExtResource( 2 )

[node name="Label" type="Label" parent="Rosa/ballon_dialogue"]
margin_left = 31.0
margin_top = 28.0
margin_right = 245.0
margin_bottom = 134.0
custom_fonts/font = SubResource( 1 )
custom_colors/font_color = Color( 1, 1, 1, 1 )
align = 1
valign = 1
autowrap = true

[node name="Frank" type="Control" parent="."]
editor/display_folded = true
margin_right = 40.0
margin_bottom = 40.0

[node name="ballon_dialogue" type="NinePatchRect" parent="Frank"]
visible = false
margin_left = 220.891
margin_top = 42.5288
margin_right = 509.891
margin_bottom = 229.529
texture = ExtResource( 2 )

[node name="Label" type="Label" parent="Frank/ballon_dialogue"]
margin_left = 31.0
margin_top = 28.0
margin_right = 245.0
margin_bottom = 134.0
custom_fonts/font = SubResource( 1 )
custom_colors/font_color = Color( 1, 1, 1, 1 )
align = 1
valign = 1
autowrap = true

[node name="Rings" type="Control" parent="."]
editor/display_folded = true
margin_top = -3.0
margin_right = 40.0
margin_bottom = 37.0

[node name="ballon_dialogue" type="NinePatchRect" parent="Rings"]
visible = false
margin_left = 369.959
margin_top = 50.4047
margin_right = 658.959
margin_bottom = 237.405
texture = ExtResource( 2 )

[node name="Label" type="Label" parent="Rings/ballon_dialogue"]
margin_left = 31.0
margin_top = 28.0
margin_right = 245.0
margin_bottom = 134.0
custom_fonts/font = SubResource( 1 )
custom_colors/font_color = Color( 1, 1, 1, 1 )
align = 1
valign = 1
autowrap = true
